@ARTICLE{amdahl,
	author		= {G. M. Amdahl},
	journal		= {AFIPS Conference Proceedings},
	title		= {Validity of the Single Processor Approach to Achieving Large Scale Computing Capabilities},
	year		= {1967},
	publisher	= {AFIPS},
	address		= {Atlantic City, N.J.},
	number		= {3},
	volume 		= {30},
	pages		= {483-485},
	keywords	= {Computers;Data mining;Degradation;Hardware;Memory management;Organizations;Performance evaluation},
	doi			= {10.1109/N-SSC.2007.4785615},
	ISSN		= {1098-4232},
	month		= {Summer},}

@book
    {
        tanenbaum:network,
        resid = {875750},
        status =    {OK},
        booktitle =      {Computer Networks},
        author =      {Tanenbaum Andrew S., Wetherall David J.},
        size =    {8454231},
        type =   {pdf},
        isbn = {},
        edition = {},
        volume =    {},
        md5 = {1990789686fa1463f09d2fb230d4301c},
        url =       {}
    }

@inproceedings{Liu:bfly,
  title={Application of Butterfly Clos-Network in Network-on-Chip},
  author={Hui Liu and Linquan Xie and Jiansheng Liu and Lei Ding},
  booktitle={TheScientificWorldJournal},
  year={2014}
}

@inbook
    {
        tanenbaum:operational_systems,
        resid = {1209198},
        status =    {OK},
        booktitle =      {Modern Operating Systems},
        title = {Multiple Processor Systems},
        author =      {Andrew S. Tanenbaum, Herbert Bos},
        chapter = 8,
        pages = {517-593},
        size =    {6556637},
        type =   {pdf},
        isbn = {},
        year = {2014},
        edition = {},
        volume =    {},
        md5 = {156cf9f53cc80458097cebf1876be746},
        url =       {}
    }

@inproceedings{bhatele-kale,
	author 		= {Bhatele, Abhinav and Kal{\'e}, Laxmikant V. and Kumar, Sameer},
	title 		= {Dynamic Topology Aware Load Balancing Algorithms for Molecular Dynamics Applications},
	booktitle 	= {Proceedings of the 23rd International Conference on Supercomputing},
	series 		= {ICS '09},
	year 		= {2009},
	isbn 		= {978-1-60558-498-0},
	location 	= {Yorktown Heights, NY, USA},
	pages 		= {110--116},
	numpages 	= {7},
 	doi 		= {10.1145/1542275.1542295},
 	acmid 		= {1542295},
 	publisher 	= {ACM},
 	address 	= {New York, NY, USA},
 	keywords 	= {load balancing, mapping, mesh, topology, torus},
} 

@INPROCEEDINGS{sun:csr,
    author={J. Sun and H. Vandierendonck and D. S. Nikolopoulos},
    booktitle={2017 46th International Conference on Parallel Processing (ICPP)},
    title={Accelerating Graph Analytics by Utilising the Memory Locality of Graph Partitioning},
    year={2017},
    volume={},
    number={},
    pages={181-190},
    keywords={data analysis;data structures;graph theory;pattern classification;shared memory systems;storage management;graph analytics;memory locality;graph partitioning;large-scale shared memory systems;graph algorithm classification;preferred data structures;bitmap representation;Partitioning algorithms;Layout;Electronic mail;Algorithm design and analysis;Arrays;Instruction sets;graph analytics;temporal locality;graph partitioning},
    doi={10.1109/ICPP.2017.27},
    ISSN={2332-5690},
    month={Aug},
}

@phdthesis{Bhatele-Thesis,
  author = "Abhinav Bhatele",
  title = "{Automating Topology Aware Mapping for Supercomputers}",
  month = {August},
  year = {2010},
  school = {Dept. of Computer Science, University of Illinois},
  note = {\url{http://hdl.handle.net/2142/16578}}
}

@inproceedings{Li:dgfly,
 author = {Li, Shang and Huang, Po-Chun and Banks, David and DePalma, Max and Elshaarany, Ahmed and Hemmert, Scott and Rodrigues, Arun and Ruppel, Emily and Wang, Yitian and Ang, Jim and Jacob, Bruce},
 title = {Low Latency, High Bisection-Bandwidth Networks for Exascale Memory Systems},
 booktitle = {Proceedings of the Second International Symposium on Memory Systems},
 series = {MEMSYS '16},
 year = {2016},
 isbn = {978-1-4503-4305-3},
 location = {Alexandria, VA, USA},
 pages = {62--73},
 numpages = {12},
 url = {http://doi.acm.org/10.1145/2989081.2989130},
 doi = {10.1145/2989081.2989130},
 acmid = {2989130},
 publisher = {ACM},
 address = {New York, NY, USA},
 keywords = {SST, network topology, supercomputer design},
} 

@INPROCEEDINGS{dragonfly,
	author		= {A. Bhatele and N. Jain and Y. Livnat and V. Pascucci and P. T. Bremer},
booktitle		= {2016 IEEE International Parallel and Distributed Processing Symposium (IPDPS)},
	title		= {Analyzing Network Health and Congestion in Dragonfly-Based Supercomputers},
	year		= {2016},
	volume		= {},
    address 	= {Chicago, IL, USA},
    publisher	= {IEEE},
	number		= {},
	pages		= {93-102},
	keywords		= {Cray computers;data analysis;data visualisation;parallel machines;telecommunication computing;telecommunication network routing;telecommunication network topology;Cray Cascade network behavior;Damselfly functional network simulator;DragonView visual analytics tool;dragonfly network Cray installations;dragonfly topology;dragonfly-based supercomputers;hierarchical networks;high-bandwidth links;high-radix networks;interjob interference;job placement policies;low-diameter networks;multijob workloads;network congestion;network health;parallel workloads;routing inefficiencies;single job workloads;Analytical models;Bandwidth;Interference;Network topology;Ports (Computers);Routing;Supercomputers;congestion;dragonfly network;inter-job interference;simulation;visual analytics},
	doi			= {10.1109/IPDPS.2016.123},
	ISSN		= {1530-2075},
	month		= {May},
}

@inbook{david:paralel,
  asin = {1558603433},
  author = {Culler, David and Singh, J.P. and Gupta, Anoop},
  chapter = 10,
  pages = {675-750},
  description = {Amazon.com: Parallel Computer Architecture: A Hardware/Software Approach (The Morgan Kaufmann Series in Computer Architecture and Design) (9781558603431): David Culler, J.P. Singh, Anoop Gupta: Books},
  dewey = {004.35},
  ean = {9781558603431},
  edition = {1st},
  isbn = {1558603433},
  publisher = {Morgan Kaufmann},
  timestamp = {2010-01-19T13:27:23.000+0100},
  booktitle = {Parallel Computer Architecture: A Hardware/Software Approach},
  title = {Interconnection Network Design},
  year = 1998
}



@inbook{Solihin,
   booktitle =     {Fundamentals of Parallel Computer Architecture: Multichip and Multicore Systems},
   title = {Interconnection Network Architecture},
   author =    {Yan Solihin},
   chapter = 12,
   pages = {361-384},
   publisher = {Solihin Books},
   isbn =      {098416300X},
   year =      {2009},
   series =    {},
   edition =   {},
   volume =    {1},
   url =       {http://gen.lib.rus.ec/book/index.php?md5=798e50e74a14ce5e09617611480008ca}
}

@Incollection{bhatele-encyclopedia,
	author		= "Bhatele, A.",
	editor		= "Padua, David",
	title		= "Topology Aware Task Mapping",
	bookTitle	= "Encyclopedia of Parallel Computing",
	year		= "2011",
	publisher	= "Springer US",
	address		= "Boston, MA",
	pages		= "2025--2025",
	isbn		= "978-0-387-09766-4",
	doi			= "10.1007/978-0-387-09766-4_2105",
}

@Incollection{david-encyclopedia,
	author		= "Kuck, David J.",
	editor		= "Padua, David",
	title		= "Parallel Computing",
	bookTitle	= "Encyclopedia of Parallel Computing",
	year		= "2011",
	publisher	= "Springer US",
	address		= "Boston, MA",
	pages		= "1409--1416",
	isbn		= "978-0-387-09766-4",
	doi			= "10.1007/978-0-387-09766-4_2105",
}


@Incollection{Becker,
	author		= "Becker, Aaron
and Zheng, Gengbin
and Kal{\'e}, Laxmikant V.",
	editor		= "Padua, David",
	title		= "Load Balancing, Distributed Memory",
	bookTitle	= "Encyclopedia of Parallel Computing",
	year		= "2011",
	publisher	= "Springer US",
	address		= "Boston, MA",
	pages		= "1043--1051",
	isbn		= "978-0-387-09766-4",
	doi			= "10.1007/978-0-387-09766-4_504",
}


@article{dupros,
  	title		= {High-performance finite-element simulations of seismic wave propagation in three-dimensional nonlinear inelastic geological media},
  	author		= {Fabrice Dupros and Florent De Martin and Evelyne Foerster and Dimitri Komatitsch and Jean Roman},
    journal		= {Parallel Computing},
  	year		= {2010},
  	volume		= {36},
  	pages		= {308-325},
}

@ARTICLE{green500,
	author		= {W. c. Feng and K. Cameron},
	journal		= {Computer},
	title		= {The Green500 List: Encouraging Sustainable Supercomputing},
	year		= {2007},
	volume		= {40},
	number		= {12},
	pages		= {50-55},
	keywords	= {parallel machines;performance evaluation;power aware computing;Green500 List;Internet data center;heat dissipation;high performance computing;power consumption;sustainable supercomputing system;Cooling;Energy consumption;Energy efficiency;Humidity control;Laboratories;Power generation;Supercomputers;Temperature;Wind energy generation;Wind power generation;Green Destiny;Green500 list;green computing;supercomputing},
	doi			= {10.1109/MC.2007.445},
	ISSN		= {0018-9162},
	month		= {Dec},
}

@article{gustafson,
  	title		= {Reevaluating Amdahl's Law},
  	author		= {John L. Gustafson},
  	journal		= {Commun. ACM},
  	year		= {1988},
  	volume		= {31},
  	pages		= {532-533}
}

@incollection{gustafson-encyclopedia,
  author    = {John L. Gustafson},
  title     = {Moore's Law},
  booktitle = {Encyclopedia of Parallel Computing},
  pages     = {1177--1184},
  year      = {2011},
  url       = {https://doi.org/10.1007/978-0-387-09766-4\_81},
  doi       = {10.1007/978-0-387-09766-4\_81},
  timestamp = {Wed, 12 Jul 2017 09:11:52 +0200},
  biburl    = {https://dblp.org/rec/bib/reference/parallel/Gustafson11d},
  bibsource = {dblp computer science bibliography, https://dblp.org}
}

@INPROCEEDINGS{efficient-metric,
	author		= {C. H. Hsu and W. C. Feng and J. S. Archuleta},
	booktitle	= {19th IEEE International Parallel and Distributed Processing Symposium},
	title		= {Towards efficient supercomputing: a quest for the right metric},
	year		= {2005},
	volume		= {},
    address		= {Denver, CO, USA},
    publisher	= {IEEE},
	number		= {},
	pages		= {8 pp.-},
	keywords	= {computer maintenance;parallel machines;performance evaluation;power consumption;high-performance computing;performance-power ratio;supercomputer maintenance;supercomputing;thermal power envelope;Availability;Buildings;Cooling;Costs;Energy consumption;High performance computing;Laboratories;Maintenance;Productivity;Supercomputers},
	doi			= {10.1109/IPDPS.2005.440},
	ISSN		= {1530-2075},
	month		= {April},
}

@book{Kale:charm,
 	author 		= {Kale, Laxmikant V. and Bhatele, Abhinav},
 	title 		= {Parallel Science and Engineering Applications: The Charm++ Approach},
 	year 		= {2013},
 	isbn 		= {1466504129, 9781466504127},
 	edition 	= {1st},
 	publisher 	= {CRC Press, Inc.},
 	address 	= {Boca Raton, FL, USA},
} 

@article{kim:2008,
    author      = {Kim, John and Dally, Wiliam J. and Scott, Steve and Abts, Dennis},
    title      = {Technology-Driven, Highly-Scalable Dragonfly Topology},
    journal    = {SIGARCH Comput. Archit. News},
    issue_date = {June 2008},
    volume     = {36},
    number     = {3},
    month      = jun,
    year       = {2008},
    issn       = {0163-5964},
    pages      = {77--88},
    numpages   = {12},
    url = {http://doi.acm.org/10.1145/1394608.1382129},
    doi        = {10.1145/1394608.1382129},
    acmid      = {1382129},
    publisher  = {ACM},
    address    = {New York, NY, USA},
    keywords   = {interconnection networks, topology, dragonfly},
}

@book{Leung,
 	author 		= {Leung, Joseph and Kelly, Laurie and Anderson, James H.},
 	title 		= {Handbook of Scheduling: Algorithms, Models, and 	Performance Analysis},
 	year 		= {2004},
 	isbn 		= {1584883979},
 	publisher 	= {CRC Press, Inc.},
 	address 	= {Boca Raton, FL, USA},
} 

@inbook{patterson,
 author = {Hennessy, John L. and Patterson, David A.},
 booktitle = {Computer Architecture, Sixth Edition: A Quantitative Approach},
 title = {Introduction},
 chapter = 1,
 pages = {2-67},
 year = {2017},
 isbn = {0128119055, 9780128119051},
 edition = {6th},
 publisher = {Morgan Kaufmann Publishers Inc.},
 address = {San Francisco, CA, USA},
} 

@misc{pilla:CHARM,
    author 		= {Pilla, L. L. and Meneses, E.},
    year 		= {2015},
    title 		= {Programação Paralela em Charm++}
}

@phdthesis{pilla-thesis,
	author		= "Pilla, Laercio L.",
	title		= "Topology-Aware Load Balancing for Performance Portability over Parallel High Performance Systems",
	school		= "Université de Grenoble",
	year		= "2014",
}

@INPROCEEDINGS{rodrigues,
	author		= {E. R. Rodrigues and P. O. A. Navaux and J. Panetta and A. Fazenda and C. L. Mendes and L. V. Kale},
	booktitle	= {2010 22nd International Symposium on Computer Architecture and High Performance Computing},
	title		= {A Comparative Analysis of Load Balancing Algorithms Applied to a Weather Forecast Model},
	year		= {2010},
	volume		= {},
    address		= {Petropolis, Brasil},
    publisher	= {IEEE},
	number		= {},
	pages		= {71-78},
	keywords	= {distributed processing;geophysics computing;resource allocation;weather forecasting;dynamic imbalance;load balancing algorithm;processor virtualization;weather forecast model;Computational modeling;Instruction sets;Load management;Load modeling;Predictive models;Weather forecasting;Load Balancing comparison;MPI;Weather models},
	doi			= {10.1109/SBAC-PAD.2010.18},
	ISSN		= {1550-6533},
	month		= {Oct},
}

@Incollection{snir-encyclopedia,
	author		= "Snir, Marc",
	editor		= "Padua, David",
	title		= "Distributed-Memory Multiprocessor",
	bookTitle	= "Encyclopedia of Parallel Computing",
	year		= "2011",
	publisher	= "Springer US",
	address		= "Boston, MA",
	pages		= "574--578",
	isbn		= "978-0-387-09766-4",
	doi			= "10.1007/978-0-387-09766-4_223",
}

@INPROCEEDINGS{tesser,
	author		= {R. K. Tesser and L. L. Pilla and F. Dupros and P. O. A. Navaux and J. F. Méhaut and C. Mendes},
	booktitle	= {2014 22nd Euromicro International Conference on 		Parallel, Distributed, and Network-Based Processing},
	title		= {Improving the Performance of Seismic Wave Simulations with Dynamic Load Balancing},
	year		= {2014},
    address		= {Torino, Italy},
    publisher	= {IEEE},
	volume		= {},
	number		= {},
	pages		= {196-203},
	keywords	= {application program interfaces;digital simulation;earthquake engineering;geophysics computing;message passing;parallel processing;resource allocation;seismic waves;adaptive MPI;boundary condition;dynamic load balancers;dynamic load balancing;earthquakes;model parallelization;seismic wave simulation performance;seismic wave simulator;Boundary conditions;Equations;Load management;Load modeling;Mathematical model;Runtime;Seismic waves;application;dynamic load balancing;high-performance;load balancing;overdecomposition;parallel computing;performance;seismic wave simulation},
	doi			= {10.1109/PDP.2014.37},
	ISSN		= {1066-6192},
	month		= {Feb},
}

@misc{website:CHARM,
      author 	= "{University of Illinois}",
      title 	= "Parallel Languages/Paradigms: Charm++",
      url 		= "http://charm.cs.illinois.edu/research/charm",
      year 		= "1996", 
      note = "Acessado em 08 nov. 2018"
}

@INPROCEEDINGS{Goglin:netloc,
    author={B. Goglin and J. Hursey and J. M. Squyres},
    booktitle={2014 43rd International Conference on Parallel Processing Workshops},
    title={Netloc: Towards a Comprehensive View of the HPC System Topology},
    year={2014},
    volume={},
    number={},
    pages={216-225},
    keywords={optimisation;parallel processing;software architecture;netloc architecture;network locality;HPC system topology;high performance computing;HPC application optimization;server-internal topology;Network topology;Topology;Servers;Program processors;Routing;Ports (Computers);Libraries},
    doi={10.1109/ICPPW.2014.38},
    ISSN={0190-3918},
    month={Sept},
}

@inproceedings{broquedis:hwloc,
  TITLE = {{hwloc: a Generic Framework for Managing Hardware Affinities in HPC Applications}},
  AUTHOR = {Broquedis, Fran{\c c}ois and Clet-Ortega, J{\'e}r{\^o}me and Moreaud, St{\'e}phanie and Furmento, Nathalie and Goglin, Brice and Mercier, Guillaume and Thibault, Samuel and Namyst, Raymond},
  URL = {https://hal.inria.fr/inria-00429889},
  BOOKTITLE = {{PDP 2010 - The 18th Euromicro International Conference on Parallel, Distributed and Network-Based Computing}},
  ADDRESS = {Pisa, Italy},
  EDITOR = {IEEE},
  YEAR = {2010},
  MONTH = Feb,
  DOI = {10.1109/PDP.2010.67},
  PDF = {https://hal.inria.fr/inria-00429889/file/main.pdf},
  HAL_ID = {inria-00429889},
  HAL_VERSION = {v1},
}