@ARTICLE{amdahl,
	author		= {G. M. Amdahl},
	journal		= {AFIPS Conference Proceedings},
	title		= {Validity of the Single Processor Approach to Achieving Large Scale Computing Capabilities},
	year		= {1967},
	volume		= {12},
	publisher	= {AFIPS},
	address		= {Atlantic City, N.J.},
	number		= {3},
	volume 		= {30}
	pages		= {483},
	keywords	= {Computers;Data mining;Degradation;Hardware;Memory management;Organizations;Performance evaluation},
	doi			= {10.1109/N-SSC.2007.4785615},
	ISSN		= {1098-4232},
	month		= {Summer},}

@inproceedings{bathele-kale,
	author 		= {Bhatel{\'e}, Abhinav and Kal{\'e}, Laxmikant V. and Kumar, Sameer},
	title 		= {Dynamic Topology Aware Load Balancing Algorithms for Molecular Dynamics Applications},
	booktitle 	= {Proceedings of the 23rd International Conference on Supercomputing},
	series 		= {ICS '09},
	year 		= {2009},
	isbn 		= {978-1-60558-498-0},
	location 	= {Yorktown Heights, NY, USA},
	pages 		= {110--116},
	numpages 	= {7},
 	doi 		= {10.1145/1542275.1542295},
 	acmid 		= {1542295},
 	publisher 	= {ACM},
 	address 	= {New York, NY, USA},
 	keywords 	= {load balancing, mapping, mesh, topology, torus},
} 

@INPROCEEDINGS{dragonfly,
	author		= {A. Bhatele and N. Jain and Y. Livnat and V. Pascucci and P. T. Bremer},
booktitle		= {2016 IEEE International Parallel and Distributed Processing Symposium (IPDPS)},
	title		= {Analyzing Network Health and Congestion in Dragonfly-Based Supercomputers},
	year		= {2016},
	volume		= {},
    address 	= {Chicago, IL, USA},
    publisher	= {IEEE},
	number		= {},
	pages		= {93-102},
	keywords		= {Cray computers;data analysis;data visualisation;parallel machines;telecommunication computing;telecommunication network routing;telecommunication network topology;Cray Cascade network behavior;Damselfly functional network simulator;DragonView visual analytics tool;dragonfly network Cray installations;dragonfly topology;dragonfly-based supercomputers;hierarchical networks;high-bandwidth links;high-radix networks;interjob interference;job placement policies;low-diameter networks;multijob workloads;network congestion;network health;parallel workloads;routing inefficiencies;single job workloads;Analytical models;Bandwidth;Interference;Network topology;Ports (Computers);Routing;Supercomputers;congestion;dragonfly network;inter-job interference;simulation;visual analytics},
	doi			= {10.1109/IPDPS.2016.123},
	ISSN		= {1530-2075},
	month		= {May},
}

@Incollection{bathele-encyclopedia,
	author		= "Bathele, A.",
	editor		= "Padua, David",
	title		= "Topology Aware Task Mapping",
	bookTitle	= "Encyclopedia of Parallel Computing",
	year		= "2011",
	publisher	= "Springer US",
	address		= "Boston, MA",
	pages		= "2025--2025",
	isbn		= "978-0-387-09766-4",
	doi			= "10.1007/978-0-387-09766-4_2105",
}

@article{dupros,
  	title		= {High-performance finite-element simulations of seismic wave propagation in three-dimensional nonlinear inelastic geological media},
  	author		= {Fabrice Dupros and Florent De Martin and Evelyne Foerster and Dimitri Komatitsch and Jean Roman},
    journal		= {Parallel Computing},
  	year		= {2010},
  	volume		= {36},
  	pages		= {308-325},
}

@ARTICLE{green500,
	author		= {W. c. Feng and K. Cameron},
	journal		= {Computer},
	title		= {The Green500 List: Encouraging Sustainable Supercomputing},
	year		= {2007},
	volume		= {40},
	number		= {12},
	pages		= {50-55},
	keywords	= {parallel machines;performance evaluation;power aware computing;Green500 List;Internet data center;heat dissipation;high performance computing;power consumption;sustainable supercomputing system;Cooling;Energy consumption;Energy efficiency;Humidity control;Laboratories;Power generation;Supercomputers;Temperature;Wind energy generation;Wind power generation;Green Destiny;Green500 list;green computing;supercomputing},
	doi			= {10.1109/MC.2007.445},
	ISSN		= {0018-9162},
	month		= {Dec},
}

@article{gustafson,
  	title		= {Reevaluating Amdahl's Law},
  	author		= {John L. Gustafson},
  	journal		= {Commun. ACM},
  	year		= {1988},
  	volume		= {31},
  	pages		= {532-533}
}

@INPROCEEDINGS{efficient-metric,
	author		= {C. H. Hsu and W. C. Feng and J. S. Archuleta},
	booktitle	= {19th IEEE International Parallel and Distributed Processing Symposium},
	title		= {Towards efficient supercomputing: a quest for the right metric},
	year		= {2005},
	volume		= {},
    address		= {Denver, CO, USA},
    publisher	= {IEEE},
	number		= {},
	pages		= {8 pp.-},
	keywords	= {computer maintenance;parallel machines;performance evaluation;power consumption;high-performance computing;performance-power ratio;supercomputer maintenance;supercomputing;thermal power envelope;Availability;Buildings;Cooling;Costs;Energy consumption;High performance computing;Laboratories;Maintenance;Productivity;Supercomputers},
	doi			= {10.1109/IPDPS.2005.440},
	ISSN		= {1530-2075},
	month		= {April},
}

@misc{pilla:CHARM,
    author 		= {Pilla, L. L. and Meneses, E.},
    year 		= {2015},
    title 		= {Programação Paralela em Charm++}
}

@phdthesis{pilla-thesis,
	author		= "Pilla, Laercio L.",
	title		= "Topology-Aware Load Balancing for Performance Portability over Parallel High Performance Systems",
	school		= "Université de Grenoble",
	year		= "2014",
}

@INPROCEEDINGS{rodrigues,
	author		= {E. R. Rodrigues and P. O. A. Navaux and J. Panetta and A. Fazenda and C. L. Mendes and L. V. Kale},
	booktitle	= {2010 22nd International Symposium on Computer Architecture and High Performance Computing},
	title		= {A Comparative Analysis of Load Balancing Algorithms Applied to a Weather Forecast Model},
	year		= {2010},
	volume		= {},
    address		= {Petropolis, Brasil},
    publisher	= {IEEE},
	number		= {},
	pages		= {71-78},
	keywords	= {distributed processing;geophysics computing;resource allocation;weather forecasting;dynamic imbalance;load balancing algorithm;processor virtualization;weather forecast model;Computational modeling;Instruction sets;Load management;Load modeling;Predictive models;Weather forecasting;Load Balancing comparison;MPI;Weather models},
	doi			= {10.1109/SBAC-PAD.2010.18},
	ISSN		= {1550-6533},
	month		= {Oct},
}

@Incollection{snir-encyclopedia,
	author		= "Snir, Marc",
	editor		= "Padua, David",
	title		= "Distributed-Memory Multiprocessor",
	bookTitle	= "Encyclopedia of Parallel Computing",
	year		= "2011",
	publisher	= "Springer US",
	address		= "Boston, MA",
	pages		= "574--578",
	isbn		= "978-0-387-09766-4",
	doi			= "10.1007/978-0-387-09766-4_223",
}

@INPROCEEDINGS{tesser,
	author		= {R. K. Tesser and L. L. Pilla and F. Dupros and P. O. A. Navaux and J. F. Méhaut and C. Mendes},
	booktitle	= {2014 22nd Euromicro International Conference on 		Parallel, Distributed, and Network-Based Processing},
	title		= {Improving the Performance of Seismic Wave Simulations with Dynamic Load Balancing},
	year		= {2014},
    address		= {Torino, Italy},
    publisher	= {IEEE},
	volume		= {},
	number		= {},
	pages		= {196-203},
	keywords	= {application program interfaces;digital simulation;earthquake engineering;geophysics computing;message passing;parallel processing;resource allocation;seismic waves;adaptive MPI;boundary condition;dynamic load balancers;dynamic load balancing;earthquakes;model parallelization;seismic wave simulation performance;seismic wave simulator;Boundary conditions;Equations;Load management;Load modeling;Mathematical model;Runtime;Seismic waves;application;dynamic load balancing;high-performance;load balancing;overdecomposition;parallel computing;performance;seismic wave simulation},
	doi			= {10.1109/PDP.2014.37},
	ISSN		= {1066-6192},
	month		= {Feb},
}

@misc{website:CHARM,
      author 	= "University of Illinois",
      title 	= "Parallel Languages/Paradigms: Charm++",
      url 		= "http://charm.cs.illinois.edu/research/charm",
      year 		= "2017",
}